@misc{jca,
  title = {Java Cryptography Architecture (JCA) Reference Guide},
  howpublished = {\url{ https://docs.oracle.com/javase/8/docs/technotes/guides/security/crypto/CryptoSpec.html}},
  note = {Accessed: 2021-07-18}
 }

  @misc{cipher,
  title = {Java Cryptography Architecture (JCA)- Cipher},
  howpublished = {\url{ https://docs.oracle.com/javase/7/docs/api/javax/crypto/Cipher.html}},
  note = {Accessed: 2021-07-18}
 }
 
  @article{dlz14,
  author = {D. Lazar, H. Chen, X. Wang, and N. Zeldovich},
  title = {Why does cryptographic software fail?: a case study and open problems},
  booktitle = {5th ACM Asia-Pacific Workshop on Systems (APSys)},
  year = {2014},
  no = {7},
  pages = {1--7},
  doi = {https://doi.org/10.1145/2637166.2637237},
 }
 
 @inproceedings{cx16,
  author = { lexia Chatzikonstantinou, Christoforos Ntantogian, Georgios Karopou-los, and Christos Xenakis},
  title = {Evaluation of cryptography usage in android applications},
  booktitle = {9th EAI International Conference on Bio-inspired Information and  Communications Technologies (formerlyBIONETICS)},
  year = {2016},
  pages = {83--90},
  doi = {https://eudl.eu/doi/10.4108/eai.3-12-2015.2262471},
  publisher = {ICST},
  address = {New York City, New York, USA},
 }
 
 @inproceedings{snb16,
  author = {S. Nadi, S. Krüger, M. Mezini and E. Bodden}, booktitle = {2016 IEEE/ACM 38th International Conference on Software Engineering (ICSE)},
  title = {"Jumping Through Hoops": Why do Java Developers Struggle with Cryptography APIs?},
  year = {2016},
  volume = {},
  number = {},
  pages = {935-946},
  doi = {10.1145/2884781.2884790}
  }
  
    @INPROCEEDINGS{asw,
  author={Y. Acar and C. Stransky and D. Wermke and C. Weir and M. L. Mazurek and S. Fahl},
  booktitle={2017 IEEE Cybersecurity Development (SecDev)}, 
  title={Developers Need Support, Too: A Survey of Security Advice for Software Developers}, 
  year={2017},
  volume={},
  number={},
  pages={22-26},
  doi={10.1109/SecDev.2017.17}}
  
   @inproceedings{emp13,
 author = {Manuel Egele, David Brumley, Yanick Fratantonio and Christopher Kruegel},
title = {An empirical study of cryptographic misuse in android applications},
year = {2013},
isbn = {9781450324779},
publisher = {Association for Computing Machinery},
booktitle ={CCS '13: Proceedings of the 2013 ACM SIGSAC Conference on Computer &amp; Communications Security},
address = {New York, NY, USA},
location = {Berlin, Germany}
}
@inproceedings{sr19,
  author = { Sazzadur Rahaman, Ya Xiao, Sharmin Afrose, Fahad Shaon, Ke Tian, Miles Frantz, Danfeng (Daphne) Yao, Murat Kantarcioglu},
  title = {CryptoGuard: High Precision Detection of Cryptographic Vulnerabilities in Massive-sized Java Projects},
  booktitle = {Proceedings of the 2019 ACM SIGSAC Conference on Computer and Communications Security},
  year = {2019},
  pages = {2455--2472},
  doi = {https://dl.acm.org/doi/10.1145/3319535.3345659}
 }
 
 @inproceedings{bin18,
author = {Muslukhov, Ildar and Boshmaf, Yazan and Beznosov, Konstantin},
title = {Source Attribution of Cryptographic API Misuse in Android Applications},
year = {2018},
isbn = {9781450355766},
publisher = {Association for Computing Machinery},
address = {New York, NY, USA},
url = {https://doi.org/10.1145/3196494.3196538},
doi = {10.1145/3196494.3196538},
booktitle = {Proceedings of the 2018 on Asia Conference on Computer and Communications Security},
pages = {133--146},
numpages = {14},
location = {Incheon, Republic of Korea},
series = {ASIACCS '18}
}
@article{skm19,
  author = {S. Kreuger, J. Spath, K. Ali, E. Bodden and M. Mezini},
  title = {CrySL: An Extensible Approach to Validating the Correct Usage of Cryptographic APIs},
  journal = {IEEE Transactions on Software Engineering},
  year = {2019},
  month = {Oct},
  pages = {1--1},
  volume = {},
  number = {},
  doi = {https://doi.org/10.1109/TSE.2019.2948910},
 }
 
  @misc{Cod,
  title = {Codyze documentation page},
  howpublished = {\url{https://www.codyze.io/docs/}},
  note = {Accessed: 2021-07-24}
 }
 @article{dslwhen,
author = {Mernik, Marjan and Heering, Jan and Sloane, Anthony M.},
title = {When and How to Develop Domain-Specific Languages},
year = {2005},
issue_date = {December 2005},
publisher = {Association for Computing Machinery},
address = {New York, NY, USA},
volume = {37},
number = {4},
issn = {0360-0300},
url = {https://doi.org/10.1145/1118890.1118892},
doi = {10.1145/1118890.1118892},
journal = {ACM Comput. Surv.},
month = dec,
pages = {316–344},
numpages = {29},
}

@article{mitm19,
author = {Mallik, Avijit and Ahsan, Abid and Shahadat, Mhia and Tsou, Jia-Chi},
year = {2019},
month = {01},
pages = {77-92},
title = {Man-in-the-middle-attack: Understanding in simple words},
volume = {3},
doi = {10.5267/j.ijdns.2019.1.001}
}
@inproceedings{androssl15,
author = {Gagnon, François and Ferland, Marc-Antoine and Fortier, Marc-Antoine and Desloges, Simon and Ouellet, Jonathan and Boileau, Catherine},
year = {2015},
month = {10},
pages = {},
title = {AndroSSL: A Platform to Test Android Applications Connection Security},
isbn = {978-3-319-30302-4},
doi = {10.1007/978-3-319-30303-1_20}
}
@inproceedings{khunt18,
author = {Li, Juanru and Caballero, Juan and Zhang, Yuanyuan and Gu, Dawu},
year = {2018},
month = {10},
pages = {412-425},
title = {K-Hunt: Pinpointing Insecure Cryptographic Keys from Execution Traces},
doi = {10.1145/3243734.3243783}
}
@INPROCEEDINGS{cma14,
  author={S. {Shuai} and D. {Guowei} and G. {Tao} and Y. {Tianchang} and S. {Chenjie}},
  booktitle={2014 IEEE 12th International Conference on Dependable, Autonomic and Secure Computing}, 
  title={Modelling Analysis and Auto-detection of Cryptographic Misuse in Android Applications}, 
  year={2014},
  volume={},
  number={},
  pages={75-80},
  doi={10.1109/DASC.2014.22}}
  
  @InProceedings{successfac09,
author={Hermans, Felienne
and Pinzger, Martin
and van Deursen, Arie},
title={Domain-Specific Languages in Practice: A User Study on the Success Factors},
booktitle={Model Driven Engineering Languages and Systems},
year={2009},
publisher={Springer Berlin Heidelberg},
address={Berlin, Heidelberg},
pages={423--437},
isbn={978-3-642-04425-0}
}
@INPROCEEDINGS{usabil12,
  author={Bariic, Ankica and Amaral, Vasco and Goulão, Miguel},
  booktitle={2012 Eighth International Conference on the Quality of Information and Communications Technology}, 
  title={Usability Evaluation of Domain-Specific Languages}, 
  year={2012},
  volume={},
  number={},
  pages={342-347},
  doi={10.1109/QUATIC.2012.63}}
  
  @article{usabledsl11,
author = {Barisic, Ankica and Amaral, Vasco and Goulão, Miguel and Barroca, Bruno},
year = {2011},
month = {01},
pages = {},
title = {How to reach a usable DSL? Moving toward a Systematic Evaluation},
volume = {Volume 50},
journal = {presented at the 5th International Workshop on Multi-Paradigm Modeling (MPM'2011) at Models 2011},
doi = {10.14279/tuj.eceasst.50.741}
}
@inbook{evaldsl14,
author = {Association, Information and Sánchez Cuadrado, Jesús and Izquierdo, Javier and Molina, Jesús},
year = {2014},
month = {01},
pages = {816-838},
title = {Comparison between Internal and External DSLs via RubyTL and Gra2MoL},
isbn = {9781466660434},
doi = {10.4018/978-1-4666-6042-7.ch040}
}
@inproceedings{qualitydsl11,
author = {Barisic, Ankica and Amaral, Vasco and Goulão, Miguel and Barroca, Bruno},
year = {2011},
month = {01},
pages = {},
title = {Quality in Use of DSLs: Current Evaluation Methods}
}
@article{dslvsgpl12,
author = {Kosar, Tomaž and Mernik, Marjan and Carver, Jeff},
year = {2012},
month = {06},
pages = {276-304},
title = {Program comprehension of domain-specific and general-purpose languages: Comparison using a family of experiments},
volume = {17},
journal = {Empirical Software Engineering},
doi = {10.1007/s10664-011-9172-x}
}
@article{empdslvsgpl10,
author = {Kosar, Tomaž and Oliveira, Nuno and Mernik, Marjan and João, Maria and Pereira, Maria and Repinšek, Matej and Cruz, Daniela and Rangel Henriques, Pedro},
year = {2010},
month = {05},
pages = {},
title = {Comparing General-Purpose and Domain-Specific Languages: An Empirical Study},
volume = {438},
journal = {Computer Science and Information Systems},
doi = {10.2298/CSIS1002247K}
}
@article{systematic4,
author = {Kitchenham, Barbara},
year = {2004},
month = {08},
pages = {},
title = {Procedures for Performing Systematic Reviews},
volume = {33},
journal = {Keele, UK, Keele Univ.}
}
@article{comptext8,
author = {Pfeiffer, Michael and Pichler, Josef},
year = {2008},
month = {10},
pages = {},
title = {A comparison of tool support for textual domain-specific languages}
}
@INPROCEEDINGS{cpg,
  author={F. Yamaguchi and N. Golde and D. Arp and K. Rieck},
  booktitle={2014 IEEE Symposium on Security and Privacy}, 
  title={Modeling and Discovering Vulnerabilities with Code Property Graphs}, 
  year={2014},
  volume={},
  number={},
  pages={590-604},
  doi={10.1109/SP.2014.44}}
  
@article{controlflowgraph,
author = {Allen, Frances E.},
title = {Control Flow Analysis},
year = {1970},
issue_date = {July 1970},
publisher = {Association for Computing Machinery},
address = {New York, NY, USA},
volume = {5},
number = {7},
issn = {0362-1340},
url = {https://doi.org/10.1145/390013.808479},
doi = {10.1145/390013.808479},
journal = {SIGPLAN Not.},
month = jul,
pages = {1–19},
numpages = {19}
}
@misc{gremlin,
  title = {Apache Gremlin graph traversal language},
  howpublished = {\url{https://tinkerpop.apache.org/gremlin.html}},
  note = {Accessed: 2021-07-24}
 }
 @MISC{soot,
    author = {Patrick Lam, Eric Bodden, Ondrej Lhoták, and Laurie Hendren},
    booktitle={Cetus Users and Compiler Infrastructure Workshop (CETUS 2011)}, 
    title = {The Soot framework for Java program analysis: a retrospective},
    year = {2011}
}
@inproceedings{flowdroid,
title = "FlowDroid: Precise context, flow, field, object-sensitive and lifecycle-aware taint analysis for android apps",
author = "Steven Arzt and Siegfried Rasthofer and Christian Fritz and Eric Bodden and Alexandre Bartel and Jacques Klein and {Le Traon}, Yves and Damien Octeau and Patrick McDaniel",
year = "2014",
doi = "10.1145/2594291.2594299",
language = "English (US)",
isbn = "9781450327848",
series = "Proceedings of the ACM SIGPLAN Conference on Programming Language Design and Implementation (PLDI)",
publisher = "Association for Computing Machinery",
pages = "259--269",
booktitle = "PLDI 2014 - Proceedings of the 2014 ACM SIGPLAN Conference on Programming Language Design and Implementation",
}

@misc{cryptoanalysis,
  title = {CryptoAnalysis Github page},
  howpublished = {\url{https://github.com/CROSSINGTUD/CryptoAnalysis}},
  note = {Accessed: 2021-07-24}
 }
  @ARTICLE{callgraph,
  author={Ryder, B.G.},
  journal={IEEE Transactions on Software Engineering}, 
  title={Constructing the Call Graph of a Program}, 
  year={1979},
  volume={SE-5},
  number={3},
  pages={216-226},
  doi={10.1109/TSE.1979.234183}}
  
  @Article{boomerang,
  author =	{Johannes Sp{\"a}th and Lisa Nguyen Quang Do and Karim Ali and Eric Bodden},
  title =	{{Boomerang: Demand-Driven Flow- and Context-Sensitive Pointer Analysis for Java (Artifact)}},
  pages =	{12:1--12:2},
  journal =	{Dagstuhl Artifacts Series},
  ISSN =	{2509-8195},
  year =	{2016},
  volume =	{2},
  number =	{1},
  publisher =	{Schloss Dagstuhl--Leibniz-Zentrum fuer Informatik},
  address =	{Dagstuhl, Germany},
  URL =		{http://drops.dagstuhl.de/opus/volltexte/2016/6133},
  URN =		{urn:nbn:de:0030-drops-61334},
  doi =		{10.4230/DARTS.2.1.12},
  annote =	{Keywords: Demand-Driven; Static Analysis; IFDS; Aliasing; Points-to Analysis}
}
@Report{bsiTR,
  author      = {BSI},
  title       = {BSI TR-02102-1: "Cryptographic Mechanisms: Recommendations and Key Lengths" Version: 2021-1},
  type        = {techreport},
  institution = {Bundesamt für Sicherheit in der Informationstechnik},
  year        = {2021},
  date        = {24.03.2021},
  subtitle    = {TR-02102-1},
  url         = {https://www.bsi.bund.de/SharedDocs/Downloads/EN/BSI/Publications/TechGuidelines/TG02102/BSI-TR-02102-1.html},
}

  @misc{lsp,
  title = {Microsoft Language Server Protocol(LSP)},
  howpublished = {\url{ https://microsoft.github.io/language-server-protocol/}},
  note = {Accessed: 2021-12-06}
 }
   @misc{apirules,
  title = {CogniCrypt crypto API rules},
  howpublished = {\url{ https://github.com/CROSSINGTUD/Crypto-API-Rules}},
  note = {Accessed: 2021-07-23}
 }
    @misc{presentationcodyze,
  title = {Codyze presentation by Dennis Titze},
  howpublished = {\url{ https://omnisecure.berlin/wp-content/uploads/os20_Titze_Dennis.pdf}},
  note = {Accessed: 2021-12-20}
 }
  @phdthesis{stefanphd,
    title    = { CogniCrypt–The Secure Integration of Cryptographic Software},
    school   = {Paderborn University},
    author   = {Krüger, Stefan},
    year     = {2020},
    type     = {{PhD} dissertation},
}
    @misc{sootgit,
  title = {Soot Github page},
  howpublished = {\url{https://github.com/soot-oss/soot}},
  note = {Accessed: 2021-12-20}
 }
     @misc{botan,
  title = {Botan Cryptography library for C++},
  howpublished = {\url{ https://botan.randombit.net/}},
  note = {Accessed: 2021-12-20}
 }
 
 @article{pointer,
author = {Smaragdakis, Yannis and Balatsouras, George},
title = {Pointer Analysis},
year = {2015},
issue_date = {4 2015},
publisher = {Now Publishers Inc.},
address = {Hanover, MA, USA},
volume = {2},
number = {1},
issn = {2325-1107},
url = {https://doi.org/10.1561/2500000014},
doi = {10.1561/2500000014}
journal = {Found. Trends Program. Lang.},
month = {apr},
pages = {1–69},
numpages = {69}
}
 @phdthesis{johannesphd,
    title    = {Synchronized Pushdown Systems for Pointer and Data-Flow Analysis},
    school   = {Paderborn University},
    author   = {Spaeth, Johannes},
    year     = {2019},
    type     = {{PhD} dissertation},
}
@inproceedings{10.5555/1765931.1765948,
author = {Lhot\'{a}k, Ond\v{r}ej and Hendren, Laurie},
title = {Scaling Java Points-to Analysis Using SPARK},
year = {2003},
isbn = {3540009043},
publisher = {Springer-Verlag},
address = {Berlin, Heidelberg},
booktitle = {Proceedings of the 12th International Conference on Compiler Construction},
pages = {153–169},
numpages = {17},
location = {Warsaw, Poland},
series = {CC'03}
}

@article{pointer,
author = {Smaragdakis, Yannis and Balatsouras, George},
title = {Pointer Analysis},
year = {2015},
issue_date = {4 2015},
publisher = {Now Publishers Inc.},
address = {Hanover, MA, USA},
volume = {2},
number = {1},
issn = {2325-1107},
url = {https://doi.org/10.1561/2500000014},
doi = {10.1561/2500000014},
month = {apr},
pages = {1–69},
numpages = {69}
}
@inproceedings{spark,
author = {Lhoták, Ondrej and Hendren, Laurie},
year = {2003},
month = {04},
pages = {153-169},
title = {Scaling Java points-to analysis using SPARK},
volume = {2622},
isbn = {978-3-540-00904-7},
journal = {International Conference on Compiler Construction},
doi = {10.1007/3-540-36579-6_12}
}

 @misc{xtext,
  title = {Xtext Website},
  howpublished = {\url{http://www.eclipse.org/Xtext/}},
  note = {Accessed: 2021-12-20}
 }
 @book{dsl,
author = {Fowler, Martin},
title = {Domain Specific Languages},
year = {2010},
isbn = {0321712943},
publisher = {Addison-Wesley Professional},
edition = {1st},
}
@misc{markgithub,
  title = {MARK Github repository},
  howpublished = {\url{https://github.com/Fraunhofer-AISEC/codyze-mark-eclipse-plugin}},
  note = {Accessed: 2021-07-24}
 }
 @misc{codyzegit,
  title = {Codyze Github repository},
  howpublished = {\url{https://github.com/Fraunhofer-AISEC/codyze}},
  note = {Accessed: 2021-07-24}
 }
  @misc{jce,
  title = {JCE oracle documentation page},
  howpublished = {\url{ https://docs.oracle.com/cd/E19944-01/819-4480/IM_installation_appendixF_JCE.html}},
  note = {Accessed: 2021-12-20}
 }
  @misc{tk,
  title = {Tink cryptography library},
  howpublished = {\url{https://opensource.google/projects/tink}},
  note = {Accessed: 2021-12-20}
 }
 @misc{bc,
  title = {BouncyCastle cryptography API provider.},
  howpublished = {\url{https://www.bouncycastle.org/}},
  note = {Accessed: 2021-12-20}
 }
  @misc{botan,
  title = {Botan cryptographic library for C++.},
  howpublished = {\url{https://botan.randombit.net/}},
  note = {Accessed: 2021-12-20}
 }
   @misc{jackson,
  title = {Jackson, the Java JSON library},
  howpublished = {\url{https://github.com/FasterXML/jackson}},
  note = {Accessed: 2021-12-20}
 }
 @inproceedings{cryptoapibench,
  title={CryptoAPI-Bench: A Comprehensive Benchmark on Java Cryptographic API Misuses},
  author={Afrose, Sharmin and Rahaman, Sazzadur and Yao, Danfeng},
  booktitle={2019 IEEE Cybersecurity Development (SecDev)},
  pages={49--61},
  year={2019},
  organization={IEEE}
}
 
 @misc{androguard,
  title = {Androguard, a python tool to analyze Android files},
  howpublished = {\url{https://www.github.com/androguard/androguard}},
  note = {Accessed: 2021-12-20}
 }
 
 @masterthesis{rakshit,
    title    = {CogniCryptTESTGEN—Generating Tests for Crypto APIs},
    school   = {Paderborn University},
    author   = {Krishnappa Ravi, Rakshit},
    year     = {2020},
    type     = {{master} thesis},
}
 @misc{benchgithub,
  title = {CryptoAPI-Bench Github page},
  howpublished = {\url{https://github.com/CryptoGuardOSS/cryptoapi-bench}},
  note = {Accessed: 2021-12-20}
 }
 @article{pbeiteration,
  title={PKCS \#5: Password-Based Cryptography Specification Version 2.1},
  author={Kathleen M. Moriarty and Burton S. Kaliski and Andreas Rusch},
  journal={RFC},
  year={2017},
  volume={8018},
  pages={1-40}
}
 @misc{microsoftspoof,
  title = {Microsoft documentation about URL Spoofing},
  howpublished = {\url{https://docs.microsoft.com/en-US/troubleshoot/developer/browsers/security-privacy/steps-to-identify-and-protect-from-spoofed-web-sites#more-information}},
  note = {Accessed: 2021-12-20}
 }
 
 @patent{httppatent, 
 title={Transferring data via a secure network connection}, 
 author={ Barton, Christopher and Clarke, Graham and Crowe, Simon},
 year = {2006},
 number = {US-7093121}
 }
@INPROCEEDINGS{sok,
  author={Herley, Cormac and Van Oorschot, P.C.},
  booktitle={2017 IEEE Symposium on Security and Privacy (SP)}, 
  title={SoK: Science, Security and the Elusive Goal of Security as a Scientific Pursuit}, 
  year={2017},
  volume={},
  number={},
  pages={99-120},
  doi={10.1109/SP.2017.38}}
 
 @misc{bsi,
  title = {BSI, Bundesamt feur Sicherheit in der Informationsteschnik, official webpage},
  howpublished = {\url{https://www.bsi.bund.de/DE/Home/home_node.html}},
  note = {Accessed: 2021-12-20}
 }
  @misc{rsa,
  title = {RSA, Computer and network security company},
  howpublished = {https://www.rsa.com/}},
  note = {Accessed: 2021-12-20}
 }
@article{rsapadding,
author = {Naccache, David and International, Gemplus},
year = {2004},
month = {08},
pages = {},
title = {Padding attacks on RSA},
volume = {4},
journal = {Information Security Technical Report},
doi = {10.1016/S1363-4127(99)80085-5}
}
@inproceedings{pathsensitive,
author = {Winter, Kirsten and Zhang, Chenyi and Hayes, Ian and Keynes, Nathan and Cifuentes, Cristina and Li, Lian},
year = {2013},
month = {10},
pages = {415-430},
title = {Path-Sensitive Data Flow Analysis Simplified},
volume = {8144},
isbn = {978-3-642-41201-1},
doi = {10.1007/978-3-642-41202-8_27}
}
@INPROCEEDINGS{cpgphp,
  author={Backes, Michael and Rieck, Konrad and Skoruppa, Malte and Stock, Ben and Yamaguchi, Fabian},
  booktitle={2017 IEEE European Symposium on Security and Privacy (EuroS P)}, 
  title={Efficient and Flexible Discovery of PHP Application Vulnerabilities}, 
  year={2017},
  volume={},
  number={},
  pages={334-349},
  doi={10.1109/EuroSP.2017.14}}
  
@article{IDEal,
author = {Sp\"{a}th, Johannes and Ali, Karim and Bodden, Eric},
title = {IDEal: Efficient and Precise Alias-Aware Dataflow Analysis},
year = {2017},
issue_date = {October 2017},
publisher = {Association for Computing Machinery},
address = {New York, NY, USA},
volume = {1},
number = {OOPSLA},
url = {https://doi.org/10.1145/3133923},
doi = {10.1145/3133923},
journal = {Proc. ACM Program. Lang.},
month = {oct},
articleno = {99},
numpages = {27}
}

@inproceedings{pushdown,
author = {Reps, Thomas and Lal, Akash and Kidd, Nick},
title = {Program Analysis Using Weighted Pushdown Systems},
year = {2007},
isbn = {3540770496},
publisher = {Springer-Verlag},
address = {Berlin, Heidelberg},
booktitle = {Proceedings of the 27th International Conference on Foundations of Software Technology and Theoretical Computer Science},
pages = {23–51},
numpages = {29},
location = {New Delhi, India},
series = {FSTTCS'07}
}
  @misc{bsi19,
  title = {BSI TR-02102-1 version 2019-01},
  howpublished = {\url{ https://github.com/CROSSINGTUD/Thesis-2021-Asgharivaskasi/blob/main/TR-02102-1%20Version%202019-01-deutsch.pdf}},
  note = {Accessed: 2021-01-20}
 }

 
 